@misc{docker_2017, title={What is a Container}, url={https://www.docker.com/what-container}, journal={Docker}, year={2017}, month={Sep}}
@misc{ocaml_2017, title={ocaml/ocaml}, url={https://github.com/ocaml/ocaml/tree/trunk/asmcomp}, journal={GitHub}, author={Ocaml}, year={2017}, month={Nov}}
@misc{leroy, title={Caml Weekly News}, url={https://lwn.net/Articles/19378/}, journal={[LWN.net]}, author={Leroy, Xavier}}
@misc{the_rust, title={The Rust Programming Language}, url={https://www.rust-lang.org/}, journal={The Rust Programming Language}}
@misc{infoq, title={Interview on Rust, a Systems Programming Language Developed by Mozilla}, url={https://www.infoq.com/news/2012/08/Interview-Rust}, journal={InfoQ}}
@misc{Rust_questions, title={Frequently Asked Questions}, url={https://www.rust-lang.org/en-US/faq.html#how-fast-is-rust}, journal={Frequently Asked Questions Â· The Rust Programming Language}}